

@inproceedings{mikolov_linguistic_2013,
  title = {Linguistic Regularities in Continuous Space Word Representations},
  booktitle = {Proc. 2013 {{Conf}}. {{North American Chapter Association}} for {{Computational Linguistics}}: {{Human Language Technologies}}},
  author = {Mikolov, Tomas and Yih, Wen-tau and Zweig, Geoffrey},
  year = {2013},
  pages = {746--751},
  publisher = {{Association for Computational Linguistics}},
  url = {https://www.aclweb.org/anthology/N13-1090},
}



@article{fuchs_neural_2018,
  title = {Neural {{Stethoscopes}}: {{Unifying}} Analytic, Auxiliary and Adversarial Network Probing},
  author = {Fuchs, Fabian B. and Groth, Oliver and Kosiorek, Adam R. and Bewley, Alex and Wulfmeier, Markus and Vedaldi, Andrea and Posner, Ingmar},
  year = {2018},
  url = {http://arxiv.org/abs/1806.05502},
  journal = {CoRR}
}



@inproceedings{kim_interpretability_2018,
  title = {Interpretability beyond Feature Attribution: {{Quantitative}} Testing with Concept Activation Vectors ({{TCAV}})},
  booktitle = {Proc. 35th {{Int}}. {{Conf}}. {{Machine Learning}}},
  author = {Kim, Been and Wattenberg, Martin and Gilmer, Justin and Cai, Carrie and Wexler, James and Viegas, Fernanda and Sayres, Rory},
  year = {2018},
  volume = {80},
  pages = {2668--2677},
  publisher = {{PMLR}},
  url = {http://proceedings.mlr.press/v80/kim18d.html},
  series = {Proceedings of {{Machine Learning Research}}}
}



@article{yeh_completeness-aware_2020,
  title = {On Completeness-Aware Concept-Based Explanations in Deep Neural Networks},
  author = {Yeh, Chih-Kuan and Kim, Been and Arik, Sercan O. and Li, Chun-Liang and Pfister, Tomas and Ravikumar, Pradeep},
  year = {2020},
  url = {http://arxiv.org/abs/1910.07969},
  journal = {CoRR}
}



@article{gu_semantics_2019,
  title = {Semantics for Global and Local Interpretation of Deep Neural Networks},
  author = {Gu, Jindong and Tresp, Volker},
  year = {2019},
  url = {http://arxiv.org/abs/1910.09085},
  journal = {CoRR}
}



@COMMENT url = {http://openaccess.thecvf.com/content_cvpr_2018/html/Fong_Net2Vec_Quantifying_and_CVPR_2018_paper.html},
@inproceedings{fong_net2vec_2018,
  title = {{{Net2Vec}}: {{Quantifying}} and Explaining How Concepts Are Encoded by Filters in Deep Neural Networks},
  booktitle = {Proc. 2018 {{IEEE Conf}}. {{Comput}}. {{Vision}} and {{Pattern Recognition}}},
  author = {Fong, Ruth and Vedaldi, Andrea},
  year = {2018},
  pages = {8730--8738},
  organization = {{IEEE}},
  doi = {10.1109/CVPR.2018.00910},
  urldate = {2019-05-24}
}



@inproceedings{bau_network_2017,
  title = {Network Dissection: {{Quantifying}} Interpretability of Deep Visual Representations},
  booktitle = {Proc. 2017 {{IEEE Conf}}. {{Comput}}. {{Vision}} and {{Pattern Recognition}}},
  author = {Bau, David and Zhou, Bolei and Khosla, Aditya and Oliva, Aude and Torralba, Antonio},
  year = {2017},
  pages = {3319--3327},
  organization = {{IEEE}},
  doi = {10.1109/CVPR.2017.354},
}



@inproceedings{schwalbe_concept_2020,
  title = {Concept Enforcement and Modularization as Methods for the {{ISO}} 26262 Safety Argumentation of Neural Networks},
  booktitle = {Proc. 10th {{European Congress Embedded Real Time Software}} and {{Systems}}},
  author = {Schwalbe, Gesina and Schels, Martin},
  year = 2020,
  url = {https://hal.archives-ouvertes.fr/hal-02442796},
}


@inproceedings{ghorbani_towards_2019,
  title = {Towards Automatic Concept-Based Explanations},
  booktitle = {Advances in {{Neural Information Processing Systems}} 32},
  author = {Ghorbani, Amirata and Wexler, James and Zou, James Y. and Kim, Been},
  year = {2019},
  pages = {9273--9282},
  url = {http://papers.nips.cc/paper/9126-towards-automatic-concept-based-explanations},
}



@article{tickle_truth_1998,
  title = {The Truth Will Come to Light: {{Directions}} and Challenges in Extracting the Knowledge Embedded within Trained Artificial Neural Networks},
  author = {Tickle, A. B. and Andrews, R. and Golea, M. and Diederich, J.},
  year = {1998},
  volume = {9},
  pages = {1057--1068},
  doi = {10.1109/72.728352},
  journal = {IEEE transactions on neural networks},
  number = {6},
}



@article{hailesilassie_rule_2016,
  title = {Rule Extraction Algorithm for Deep Neural Networks: {{A}} Review},
  author = {Hailesilassie, Tameru},
  year = {2016},
  url = {http://arxiv.org/abs/1610.05267},
  journal = {CoRR}
}



@inproceedings{donadello_logic_2017,
  title = {Logic {{Tensor Networks}} for {{Semantic Image Interpretation}}},
  booktitle = {Proc. 26th {{Int}}. {{Joint Conf}}. {{Artificial Intelligence}}},
  author = {Donadello, Ivan and Serafini, Luciano and d'Avila Garcez, Artur S.},
  year = {2017},
  pages = {1596--1602},
  publisher = {{ijcai.org}},
  doi = {10.24963/ijcai.2017/221},
}



@inproceedings{simonyan_very_2015,
  title = {Very Deep Convolutional Networks for Large-Scale Image Recognition},
  booktitle = {Proc. 3rd {{Int}}. {{Conf}}. {{Learning Representations}}},
  author = {Simonyan, Karen and Zisserman, Andrew},
  year = {2015},
  url = {http://arxiv.org/abs/1409.1556},
}



@article{krizhevsky_one_2014,
  title = {One Weird Trick for Parallelizing Convolutional Neural Networks},
  author = {Krizhevsky, Alex},
  year = {2014},
  url = {http://arxiv.org/abs/1404.5997},
  journal = {CoRR}
}



@inproceedings{xie_aggregated_2017,
  title = {Aggregated Residual Transformations for Deep Neural Networks},
  booktitle = {Proc. 2017 {{IEEE Conf}}. {{Comput}}. {{Vision}} and {{Pattern Recognition}}},
  author = {Xie, Saining and Girshick, Ross B. and Doll{\'a}r, Piotr and Tu, Zhuowen and He, Kaiming},
  year = {2017},
  pages = {5987--5995},
  organization = {{IEEE}},
  doi = {10.1109/CVPR.2017.634},
}


@Comment inproceedings{salehi_tversky_2017,
@Comment   title = {Tversky Loss Function for Image Segmentation Using {{3D}} Fully Convolutional Deep Networks},
@Comment   booktitle = {Proc. 8th {{Int}}. {{Workshop Machine Learning}} in {{Medical Imaging}}},
@Comment   author = {Salehi, Seyed Sadegh Mohseni and Erdogmus, Deniz and Gholipour, Ali},
@Comment   year = {2017},
@Comment   volume = {10541},
@Comment   pages = {379--387},
@Comment   publisher = {{Springer}},
@Comment   doi = {10.1007/978-3-319-67389-9_44},
@Comment   series = {Lecture {{Notes}} in {{Computer Science}}}
@Comment }



@inproceedings{losch_interpretability_2019,
  title = {Interpretability beyond Classification Output: {{Semantic}} Bottleneck Networks},
  booktitle = {Proc. 3rd {{ACM Computer Science}} in {{Cars Symp}}. {{Extended Abstracts}}},
  author = {Losch, Max and Fritz, Mario and Schiele, Bernt},
  year = {2019},
  month = oct,
  url = {https://arxiv.org/pdf/1907.10882.pdf}
}


@inproceedings{khan2015multi,
  title={Multi-class semantic segmentation of faces},
  author={Khan, Khalil and Mauro, Massimo and Leonardi, Riccardo},
  booktitle={Proc. 2015 IEEE Int. Conf. Image Processing (ICIP)},
  pages={827--831},
  year={2015},
  organization={{IEEE}}
}

@inproceedings{khan2017head,
  title={Head pose estimation through multi-class face segmentation},
  author={Khan, Khalil and Mauro, Massimo and Migliorati, Pierangelo and Leonardi, Riccardo},
  booktitle={Proc. 2017 IEEE Int. Conf. Multimedia and Expo (ICME)},
  pages={175--180},
  year=2017,
  organization={{IEEE}}
}

@article{rabold2019enriching,
  title={Enriching Visual with Verbal Explanations for Relational Concepts--Combining LIME with Aleph},
  author={Rabold, Johannes and Deininger, Hannah and Siebers, Michael and Schmid, Ute},
  journal={arXiv preprint arXiv:1910.01837},
  year={2019}
}

@misc{srinivasan2001aleph,
  title={The {Aleph} Manual},
  author={Srinivasan, Ashwin},
  url={https://www.cs.ox.ac.uk/activities/programinduction/Aleph},
  year={2004}
}



@book{Michalski83a,
   editor = {R. S. Michalski and J. G. Carbonell and T. M. Mitchell},
   title = {Machine Learning -- An Artificial Intelligence Approach},
   publisher = {Tioga},
   year = {1983}
}

@book{Hunt66,
  author = {E.B. Hunt and J. Marin and P. J. Stone},
  title = {Experiments in Induction},
  address = {New York},
  publisher = {Academic Press},
  year = {1966}
}


@incollection{michalski1987learning,
  title={Learning strategies and automated knowledge acquisition},
  author={Michalski, Ryszard S},
  booktitle={Computational Models of Learning},
  editor = {Leonard Bolc},
  pages={1--19},
  year={1987},
  publisher={Springer}
}

@incollection{Samuel63,
   author = {Samuel, A.L.},
   address = {New York},
   booktitle = {Computers and Thought},
   editor = {E.A. Feigenbaum and J. Feldman},
   pages = {71-105},
   publisher = {McGraw-Hill},
   title = { Some studies in machine learning using the game of checkers},
   year = {1963}
}


@incollection{Michie68,
   author = {D. Michie and  R. A. Chambers},
   address = {Edinburgh},
   booktitle = {Machine Intelligence},
   editor = { E. Dale and D. Michie},
   pages = {137-152},
   publisher = { Oliver and Boyd},
   title = {BOXES: An experiment in adaptive control},
   volume = {2},
   year = {1968}
}

@article{muggleton1991inductive,
  title={Inductive logic programming},
  author={Muggleton, Stephen},
  journal={New generation computing},
  volume={8},
  number={4},
  pages={295--318},
  year={1991},
  publisher={Springer}
}

@article{mitchell1986explanation,
  title={Explanation-based generalization: {A} unifying view},
  author={Mitchell, Tom M and Keller, Richard M and Kedar-Cabelli, Smadar T},
  journal={Machine learning},
  volume={1},
  number={1},
  pages={47--80},
  year={1986},
  publisher={Springer}
}


@inproceedings{fails2003interactive,
  title={Interactive machine learning},
  author={Fails, Jerry Alan and Olsen Jr, Dan R},
  booktitle={Proc. 8th Int. Conf. Intelligent User Interfaces},
  pages={39--45},
  year={2003},
  organization={ACM}
}

@article{gulwani2015inductive,
  title={Inductive programming meets the real world},
  author={Gulwani, Sumit and Hern{\'a}ndez-Orallo, Jos{\'e} and Kitzelmann, Emanuel and Muggleton, Stephen H and Schmid, Ute and Zorn, Benjamin},
  journal={Communications of the ACM},
  volume={58},
  number={11},
  pages={90--99},
  year={2015},
  publisher={Association for Computing Machinery (ACM)}
}

@inproceedings{srinivasan1994mutagenesis,
  title={Mutagenesis: ILP experiments in a non-determinate biological domain},
  author={Srinivasan, Ashwin and Muggleton, Stephen and King, Ross D and Sternberg, Micheal JE},
  booktitle={Proc. 4th Int. Workshop Inductive Logic Programming},
  volume={237},
  pages={217--232},
  year={1994},
  organization={Citeseer}
}

@inproceedings{Muggleton90,
   author = {S. Muggleton and C. Feng},
   title = {Efficient induction of logic programs},
   booktitle = {{Proc. Workshop Algorithmic Learning Theory by the Japanese Society for AI}},
   address = {Tokyo},
   pages = {368-381},
   year = {1990}
}

@inproceedings{Hofmann09,
author = {Martin Hofmann and Emanuel Kitzelmann and Ute Schmid},
title = {A unifying framework for analysis and evaluation of inductive programming systems},
editor = {B. Goerzel and P. Hitzler and M. Hutter},
booktitle = {{Proc. 2nd Conf. Artificial General Intelligence}},
pages = {55--60},
publisher = {Atlantis Press},
address = {Amsterdam},
year ={2009}
}

@inproceedings{stocker2013machine,
  title={A machine learning approach to drought stress level classification of tobacco plants.},
  author={Stocker, Christoph and Uhrmann, Franz and Scholz, Oliver and Siebers, Michael and Schmid, Ute},
  booktitle={LWA},
  pages={163--167},
  year={2013}
}

@article{singh2016machine,
  title={Machine learning for high-throughput stress phenotyping in plants},
  author={Singh, Arti and Ganapathysubramanian, Baskar and Singh, Asheesh Kumar and Sarkar, Soumik},
  journal={Trends in plant science},
  volume={21},
  number={2},
  pages={110--124},
  year={2016},
  publisher={Elsevier}
}

@inproceedings{mennicke2009optimization,
  title={An optimization framework for classifier learning from image data for computer-assisted diagnosis},
  author={Mennicke, J{\"o}rg and M{\"u}nzenmayer, C and Wittenberg, T and Schmid, Ute},
  booktitle={4th European Conf. Int. Federation for Medical and Biological Engineering},
  pages={629--632},
  year={2009},
  organization={Springer}
}

@article{schmid2020mutual,
  author={Ute Schmid and Bettina Finzel},
  title={Mutual Explanations for Cooperative Decision Making in Medicine},
  journal={KI -- K{\"u}nstliche Intelligenz, Special Issue Challenges in Interactive Machine Learning},
  volume = {34},
  issue = {2},
  year = {2020}
}  

@article{mazurowski2008training,
  title={Training neural network classifiers for medical decision making: The effects of imbalanced datasets on classification performance},
  author={Mazurowski, Maciej A and Habas, Piotr A and Zurada, Jacek M and Lo, Joseph Y and Baker, Jay A and Tourassi, Georgia D},
  journal={Neural networks},
  volume={21},
  number={2-3},
  pages={427--436},
  year={2008},
  publisher={Elsevier}
}


@article{Schmid11,
  author = {Ute Schmid and Emanuel Kitzelmann},
  title = {Inductive Rule Learning on the Knowledge Level},
  journal = {Cognitive Systems Research},
  year = {2011},
  volume = {12},
  number = {3},
  pages = {237-248}
}


@article{muggleton2018ultra,
  title={Ultra-Strong Machine Learning: {Comprehensibility} of programs learned with ILP},
  author={Muggleton, Stephen and Schmid, Ute and Zeller, Christina and Tamaddoni-Nezhad, Alireza and Besold, Tarek},
  journal={Machine Learning},
  volume={107},
  number={7},
  pages={1119--1140},
  year={2018},
  publisher={Springer}
}

@inproceedings{cropper2015learning,
  title={Learning efficient logical robot strategies involving composable objects},
  author={Cropper, Andrew and Muggleton, Stephen H},
  booktitle={24th Int. Joint Conf. Artificial Intelligence},
  year={2015}
}

@incollection{wernsdorfer2013streams,
  title={From Streams of Observations to Knowledge-Level Productive Predictions},
  author={Wernsdorfer, Mark and Schmid, Ute},
  booktitle={Human Behavior Recognition Technologies: Intelligent Applications for Monitoring and Security},
  pages={268--281},
  year={2013},
  publisher={IGI Global}
}


@book{goodfellow2016deep,
  title={Deep learning},
  author={Goodfellow, Ian and Bengio, Yoshua and Courville, Aaron},
  year={2016},
  publisher={MIT press}
}

@article{DBLP:journals/corr/abs-1801-00631,
  author    = {Gary Marcus},
  title     = {Deep Learning: {A} Critical Appraisal},
  journal   = {CoRR},
  volume    = {abs/1801.00631},
  year      = {2018},
  url       = {http://arxiv.org/abs/1801.00631},
  archivePrefix = {arXiv},
  eprint    = {1801.00631},
  timestamp = {Mon, 13 Aug 2018 16:47:30 +0200},
}


@article{buchanan2005very,
  title={A (very) brief history of artificial intelligence},
  author={Buchanan, Bruce G},
  journal={{AI} Magazine},
  volume={26},
  number={4},
  pages={53--53},
  year={2005}
}

@article{fernandez2014we,
  title={Do we need hundreds of classifiers to solve real world classification problems?},
  author={Fern{\'a}ndez-Delgado, Manuel and Cernadas, Eva and Barro, Sen{\'e}n and Amorim, Dinani},
  journal={The journal of machine learning research},
  volume={15},
  number={1},
  pages={3133--3181},
  year={2014},
  publisher={JMLR.org}
}

@article{rudin2019stop,
  title={Stop explaining black box machine learning models for high stakes decisions and use interpretable models instead},
  author={Rudin, Cynthia},
  journal={Nature Machine Intelligence},
  volume={1},
  number={5},
  pages={206--215},
  year={2019},
  publisher={Nature Publishing Group}
}

@book{molnar2019interpretable,
  title={Interpretable machine learning},
  author={Molnar, Christoph},
  year={2019},
  publisher={Lulu.com}
}




@inproceedings{rabold2018explaining,
  title={Explaining black-box classifiers with ILP: {Empowering} LIME with Aleph to approximate non-linear decisions with relational rules},
  author={Rabold, Johannes and Siebers, Michael and Schmid, Ute},
  booktitle={2018 Int. Conf. Inductive Logic Programming},
  pages={105--117},
  year={2018},
  organization={Springer}
}

@inproceedings{dai2019bridging,
  title={Bridging Machine Learning and Logical Reasoning by Abductive Learning},
  author={Dai, Wang-Zhou and Xu, Qiuling and Yu, Yang and Zhou, Zhi-Hua},
  booktitle={Advances in Neural Information Processing Systems},
  pages={2811--2822},
  year={2019}
}

@book{atkinson1968human,
  title={Human memory: {A} proposed system and its control processes},
  author={Atkinson, Richard C and Shiffrin, Richard M},
  year={1968},
  publisher={Academic Press},
  address = {New York}
}

@book{anderson2000learning,
  title={Learning and memory: An integrated approach},
  author={Anderson, John Robert},
  year={2000},
  publisher={John Wiley \& Sons Inc}
}

@article{sun2005interaction,
  title={The interaction of the explicit and the implicit in skill learning: A dual-process approach.},
  author={Sun, Ron and Slusarz, Paul and Terry, Chris},
  journal={Psychological review},
  volume={112},
  number={1},
  pages={159},
  year={2005},
  publisher={American Psychological Association}
}

@book{kahneman2011thinking,
  address = {New York},
  author = {Kahneman, Daniel},
  publisher = {Farrar, Straus and Giroux},
  title = {Thinking, fast and slow},
  year = {2011}
}

@article{markman1996commonalities,
  title={Commonalities and differences in similarity comparisons},
  author={Markman, Arthur B and Gentner, Dedre},
  journal={Memory \& cognition},
  volume={24},
  number={2},
  pages={235--249},
  year={1996},
  publisher={Springer}
}

@article{ellis1979identification,
  title={Identification of familiar and unfamiliar faces from internal and external features: Some implications for theories of face recognition},
  author={Ellis, Hadyn D and Shepherd, John W and Davies, Graham M},
  journal={Perception},
  volume={8},
  number={4},
  pages={431--439},
  year={1979},
  publisher={SAGE Publications Sage UK: London, England}
}

@article{welsh1991rule,
  title={Rule-guided behavior and self-monitoring on the Tower of Hanoi disk-transfer task},
  author={Welsh, Marilyn C},
  journal={Cognitive Development},
  volume={6},
  number={1},
  pages={59--76},
  year={1991},
  publisher={Elsevier}
}


@inproceedings{sabour2017dynamic,
  title={Dynamic routing between capsules},
  author={Sabour, Sara and Frosst, Nicholas and Hinton, Geoffrey E},
  booktitle={Advances in neural information processing systems},
  pages={3856--3866},
  year={2017}
}


@inproceedings{ji2015knowledge,
  title={Knowledge graph embedding via dynamic mapping matrix},
  author={Ji, Guoliang and He, Shizhu and Xu, Liheng and Liu, Kang and Zhao, Jun},
  booktitle={Proc. 53rd Ann. Meeting Association for Computational Linguistics and 7th Int. Joint Conf. Natural Language Processing (Vol. 1: Long Papers)},
  pages={687--696},
  year={2015}
}

@book{flach2012machine,
  title={Machine learning: the art and science of algorithms that make sense of data},
  author={Flach, Peter},
  year={2012},
  publisher={Cambridge University Press}
}

@inproceedings{michie88,
	AUTHOR = {D. Michie},
	TITLE = {Machine learning in the next five years},
	BOOKTITLE = {Proc. 3rd European Working Session on Learning},
	YEAR = {1988},
	PUBLISHER = {Pitman},
	PAGES = {107--122}}

@article{russell2015research,
  title={Research priorities for robust and beneficial artificial intelligence},
  author={Russell, Stuart and Dewey, Daniel and Tegmark, Max},
  journal={{AI} Magazine},
  volume={36},
  number={4},
  pages={105--114},
  year={2015}
}


@article{Miller19,
  author    = {Tim Miller},
  title     = {Explanation in artificial intelligence: Insights from the social sciences},
  journal   = {Artificial Intelligence},
  volume    = {267},
  pages     = {1--38},
  year      = {2019}
}


@inproceedings{ribeiro2016should,
  title={Why should i trust you?: Explaining the predictions of any classifier},
  author={Ribeiro, Marco Tulio and Singh, Sameer and Guestrin, Carlos},
  booktitle={Proc. 22nd ACM SIGKDD Int. Conf. Knowledge Discovery and Data Mining},
  pages={1135--1144},
  year={2016},
  organization={ACM}
}

@article{adadi2018peeking,
  title={Peeking inside the black-box: {A} survey on Explainable Artificial Intelligence {(XAI)}},
  author={Adadi, Amina and Berrada, Mohammed},
  journal={IEEE Access},
  volume={6},
  pages={52138--52160},
  year={2018},
  publisher={IEEE}
}

@article{doshi2017towards,
  title={Towards a rigorous science of interpretable machine learning},
  author={Doshi-Velez, Finale and Kim, Been},
  url = {http://arxiv.org/abs/1702.08608},
  journal = {CoRR},
  year={2017}
}


@misc{gunning2017explainable,
  title={Explainable artificial intelligence ({XAI})},
  author={Gunning, David},
  howpublished={Defense Advanced Research Projects Agency (DARPA), nd Web},
  year={2017}
}

@inproceedings{craven1996extracting,
  title={Extracting tree-structured representations of trained networks},
  author={Craven, Mark and Shavlik, Jude W},
  booktitle={Advances in neural information processing systems},
  pages={24--30},
  year={1996}
}

@article{samek2017explainable,
  title={Explainable artificial intelligence: {Understanding}, visualizing and interpreting deep learning models},
  author={Samek, Wojciech and Wiegand, Thomas and M{\"u}ller, Klaus-Robert},
  url={http://arxiv.org/abs/1708.08296},
  journal={CoRR},
  year={2017}
}

@inproceedings{lundberg2017unified,
  title={A unified approach to interpreting model predictions},
  author={Lundberg, Scott M and Lee, Su-In},
  booktitle={Advances in neural information processing systems},
  pages={4765--4774},
  year={2017}
}

@article{lapuschkin2019unmasking,
  title={Unmasking clever hans predictors and assessing what machines really learn},
  author={Lapuschkin, Sebastian and W{\"a}ldchen, Stephan and Binder, Alexander and Montavon, Gr{\'e}goire and Samek, Wojciech and M{\"u}ller, Klaus-Robert},
  journal={Nature communications},
  volume={10},
  number={1},
  pages={1--8},
  year={2019},
  publisher={Nature Publishing Group}
}

@inproceedings{Schmid2018,
  title={Inductive programming as approach to comprehensible machine learning},
  author={Schmid, Ute},
  booktitle={Proc. 6th Workshop KI \& Kognition (KIK-2018), co-located with KI 2018},
  url={http://ceur-ws.org/Vol-2194/schmid.pdf},
  year={2018}
}


@article{weitz2019deep,
  title={Deep-learned faces of pain and emotions: Elucidating the differences of facial expressions with the help of explainable AI methods},
  author={Weitz, Katharina and Hassan, Teena and Schmid, Ute and Garbas, Jens-Uwe},
  journal={tm-Technisches Messen},
  volume={86},
  number={7-8},
  pages={404--412},
  year={2019},
  publisher={De Gruyter Oldenbourg}
}


@article{siebers2019please,
  title={Please delete that! {Why} should {I}? -- {Explaining} learned irrelevance classifications of digital objects},
  author={Siebers, Michael and Schmid, Ute},
  journal={KI-K{\"u}nstliche Intelligenz},
  volume={33},
  number={1},
  pages={35--44},
  year={2019},
  publisher={Springer}
}


@article{clancey1983epistemology,
  title={The epistemology of a rule-based expert system: {A} framework for explanation},
  author={Clancey, William J},
  journal={Artificial Intelligence},
  volume={20},
  number={3},
  pages={215--251},
  year={1983},
  publisher={Elsevier}
}


@article{gromowski2020,
  author = 	 {Mark Gromowski and Michael Siebers and Ute Schmid},
  title = 	 {A Process Framework for Inducing and Explaining Datalog Models},
  journal = 	 {Advances in Data Analysis and Classification},
  year = 	 {2020}
}

@article{bien2011prototype,
  title={Prototype selection for interpretable classification},
  author={Bien, Jacob and Tibshirani, Robert and others},
  journal={The Annals of Applied Statistics},
  volume={5},
  number={4},
  pages={2403--2424},
  year={2011},
  publisher={Institute of Mathematical Statistics}
}

@article{pollock1976possible,
  title={The ‘possible worlds’ analysis of counterfactuals},
  author={Pollock, John L},
  journal={Philosophical Studies},
  volume={29},
  number={6},
  pages={469--476},
  year={1976},
  publisher={Springer}
}

@article{wachter2017counterfactual,
  title={Counterfactual explanations without opening the black box: automated decisions and the GDPR},
  author={Wachter, Sandra and Mittelstadt, Brent and Russell, Chris},
  journal={Harvard Journal of Law \& Technology},
  volume={31},
  number={2},
  pages={2018},
  year={2017}
}


@inproceedings{dhurandhar2018explanations,
  title={Explanations based on the missing: Towards contrastive explanations with pertinent negatives},
  author={Dhurandhar, Amit and Chen, Pin-Yu and Luss, Ronny and Tu, Chun-Chen and Ting, Paishun and Shanmugam, Karthikeyan and Das, Payel},
  booktitle={Advances in neural information processing systems},
  pages={592--603},
  year={2018}
}

@article{gentner1994structural,
  title={Structural alignment in comparison: No difference without similarity},
  author={Gentner, Dedre and Markman, Arthur B},
  journal={Psychological Science},
  volume={5},
  number={3},
  pages={152--158},
  year={1994},
  publisher={SAGE Publications Sage CA: Los Angeles, CA}
}


@incollection{Winston1975,
  title={Learning structural descriptions from examples},
  author={Winston, Patrick H},
  year={1975},
  editor={ P.H. Winston},
  booktitle={The Psychology of Computer Vision},
pages={157--210},
publisher={McGraw-Hil},
address={New York}
}



@article{niessen2020,
  author = {Cornelia Niessen and Kyra Göbel and Michael Siebers and Ute Schmid},
  year = {2020},
  title = {Time to forget: {A} review and conceptual framework of intentional forgetting in the digital world of work},
  journal= {Zeitschrift für Arbeits- und Organisationspsychologie},
  volume = {64},
  number = {1},
  pages = {30-45}
}

@article{kabra2013jaaba,
  title={JAABA: {Interactive} machine learning for automatic annotation of animal behavior},
  author={Kabra, Mayank and Robie, Alice A and Rivera-Alba, Marta and Branson, Steven and Branson, Kristin},
  journal={Nature Methods},
  volume={10},
  number={1},
  pages={64},
  year={2013},
  publisher={Nature Publishing Group}
}

@article{holzinger2016interactive,
  title={Interactive machine learning for health informatics: when do we need the human-in-the-loop?},
  author={Holzinger, Andreas},
  journal={Brain Informatics},
  volume={3},
  number={2},
  pages={119--131},
  year={2016},
  publisher={Springer}
}


@inproceedings{teso2019explanatory,
  title={Explanatory interactive machine learning},
  author={Teso, Stefano and Kersting, Kristian},
  booktitle={Proceedings of the 2019 AAAI/ACM Conference on AI, Ethics, and Society},
  pages={239--245},
  year={2019}
}

@article{wiener2015compression,
  title={A compression technique for analyzing disagreement-based active learning},
  author={Wiener, Yair and Hanneke, Steve and El-Yaniv, Ran},
  journal={The Journal of Machine Learning Research},
  volume={16},
  number={1},
  pages={713--745},
  year={2015},
  publisher={JMLR. org}
}


@article{lee2004trust,
  title={Trust in automation: {Designing} for appropriate reliance},
  author={Lee, John D and See, Katrina A},
  journal={Human Factors},
  volume={46},
  number={1},
  pages={50--80},
  year={2004},
  publisher={SAGE Publications Sage UK: London, England}
}

@article{falappa2002explanations,
  title={Explanations, belief revision and defeasible reasoning},
  author={Falappa, Marcelo A and Kern-Isberner, Gabriele and Simari, Guillermo R},
  journal={Artificial Intelligence},
  volume={141},
  number={1-2},
  pages={1--28},
  year={2002},
  publisher={Elsevier}
}

@article{muggleton2015meta,
  title={Meta-interpretive learning of higher-order dyadic datalog: {Predicate} invention revisited},
  author={Muggleton, Stephen H and Lin, Dianhuan and Tamaddoni-Nezhad, Alireza},
  journal={Machine Learning},
  volume={100},
  number={1},
  pages={49--73},
  year={2015},
  publisher={Springer}
}

@inproceedings{siebers2018year,
  title={Was the Year 2000 a Leap Year? Step-Wise Narrowing Theories with Metagol},
  author={Siebers, Michael and Schmid, Ute},
  booktitle={International Conference on Inductive Logic Programming},
  pages={141--156},
  year={2018},
  organization={Springer}
}

@article{gulwani2011automating,
  title={Automating string processing in spreadsheets using input-output examples},
  author={Gulwani, Sumit},
  journal={ACM Sigplan Notices},
  volume={46},
  number={1},
  pages={317--330},
  year={2011},
  publisher={ACM New York, NY, USA}
}


@article{arya2019one,
  title={One explanation does not fit all: A toolkit and taxonomy of ai explainability techniques},
  author={Arya, Vijay and Bellamy, Rachel KE and Chen, Pin-Yu and Dhurandhar, Amit and Hind, Michael and Hoffman, Samuel C and Houde, Stephanie and Liao, Q Vera and Luss, Ronny and Mojsilovi{\'c}, Aleksandra and others},
  journal={CoRR},
  url={http://arxiv.org/abs/1909.03012},
  year={2019}
}


@incollection{michalski1988incremental,
  title={Incremental learning of concept descriptions: A method and experimental results},
  author={Michalski, Ryszard S},
  year={1988}
}


@article{michalski1988nature,
  title={On the nature of explanation or Why did the wine bottle shatter},
  author={Michalski, Ryszard S and Ko, Heedong},
  year={1988}
}



@incollection{bainbridge1983ironies,
  title={Ironies of automation},
  author={Bainbridge, Lisanne},
  booktitle={Analysis, design and evaluation of man--machine systems},
  pages={129--135},
  year={1983},
  publisher={Elsevier}
}


@book{hollnagel2005joint,
  title={Joint cognitive systems: {Foundations} of cognitive systems engineering},
  author={Hollnagel, Erik and Woods, David D},
  year={2005},
  publisher={CRC Press}
}


@incollection{wafler2003kompass,
  title={{KOMPASS: A} method for complementary system design.},
  author={W{\"a}fler, Toni and Grote, Gudela and Windischer, Anna and Ryser, Cornelia},
  year={2003},
  editor = {E. Hollnagel},
  booktitle={Handbook of Cognitive Task Design},
  pages ={477-502},
  publisher={Lawrence Erlbaum},
  address={Mahwah, NJ}
}

@article{mitchell2019artificial,
  title={Artificial Intelligence Hits the Barrier of Meaning},
  author={Mitchell, Melanie},
  journal={Information},
  volume={10},
  number={2},
  pages={51},
  year={2019},
  publisher={Multidisciplinary Digital Publishing Institute}
}


@article{pesapane2018artificial,
  title={Artificial intelligence as a medical device in radiology: {Ethical} and regulatory issues in {Europe} and the {United States}},
  author={Pesapane, Filippo and Volont{\'e}, Caterina and Codari, Marina and Sardanelli, Francesco},
  journal={Insights into Imaging},
  volume={9},
  number={5},
  pages={745--753},
  year={2018},
  publisher={Springer}
}


@article{holzinger2014trends,
  title={Trends in interactive knowledge discovery for personalized medicine: cognitive science meets machine learning},
  author={Holzinger, Andreas},
  journal={The {IEEE} Intelligent Informatics Bulletin},
  volume={15},
  number={1},
  pages={6--14},
  year={2014}
}


@article{ware2001interactive,
  title={Interactive machine learning: letting users build classifiers},
  author={Ware, Malcolm and Frank, Eibe and Holmes, Geoffrey and Hall, Mark and Witten, Ian H},
  journal={Int. Journal Human-Computer Studies},
  volume={55},
  number={3},
  pages={281--292},
  year={2001},
  publisher={Elsevier}
}



@article{janowczyk2016deep,
  title={Deep learning for digital pathology image analysis: A comprehensive tutorial with selected use cases},
  author={Janowczyk, Andrew and Madabhushi, Anant},
  journal={Journal of Pathology Informatics},
  volume={7},
  year={2016},
  publisher={Wolters Kluwer--Medknow Publications}
}


@article{kunz2017problems,
  title={Problems of video-based pain detection in patients with dementia: a road map to an interdisciplinary solution},
  author={Kunz, Miriam and Seuss, Dominik and Hassan, Teena and Garbas, Jens U and Siebers, Michael and Schmid, Ute and Sch{\"o}berl, Michael and Lautenbacher, Stefan},
  journal={BMC Geriatrics},
  volume={17},
  number={1},
  pages={33},
  year={2017},
  publisher={BioMed Central}
}

@article{ekman1971constants,
  title={Constants across cultures in the face and emotion.},
  author={Ekman, Paul and Friesen, Wallace V},
  journal={Journal of Personality and Social Psychology},
  volume={17},
  number={2},
  pages={124},
  year={1971},
  publisher={American Psychological Association}
}

@article{siebers2016characterizing,
  title={Characterizing facial expressions by grammars of action unit sequences--A first investigation using ABL},
  author={Siebers, Michael and Schmid, Ute and Seu{\ss}, Dominik and Kunz, Miriam and Lautenbacher, Stefan},
  journal={Information Sciences},
  volume={329},
  pages={866--875},
  year={2016},
  publisher={Elsevier}
}



@inproceedings{krizhevsky2012imagenet,
  title={Imagenet classification with deep convolutional neural networks},
  author={Krizh\-evsky, Alex and Sutskever, Ilya and Hinton, Geoffrey E},
  booktitle={Advances in Neural Information Processing Systems},
  pages={1097--1105},
  year={2012}
}


@inproceedings{li2014medical,
  title={Medical image classification with convolutional neural network},
  author={Li, Qing and Cai, Weidong and Wang, Xiaogang and Zhou, Yun and Feng, David Dagan and Chen, Mei},
  booktitle={13th Int. Conf. Control Automation Robotics \& Vision},
  pages={844--848},
  year={2014},
  organization={IEEE}
}


@article{bickmore2006health,
  title={Health dialog systems for patients and consumers},
  author={Bickmore, Timothy and Giorgino, Toni},
  journal={Journal of Biomedical Informatics},
  volume={39},
  number={5},
  pages={556--571},
  year={2006},
  publisher={Elsevier}
}


@inproceedings{lakkaraju2016interpretable,
  title={Interpretable decision sets: A joint framework for description and prediction},
  author={Lakkaraju, Himabindu and Bach, Stephen H and Leskovec, Jure},
  booktitle={Proc. 22nd ACM SIGKDD Int. Conf. Knowledge Discovery and Data Mining},
  pages={1675--1684},
  year={2016},
  organization={ACM}
}

@inproceedings{furnkranz2015brief,
  title={A brief overview of rule learning},
  author={F{\"u}rnkranz, Johannes and Kliegr, Tom{\'a}{\v{s}}},
  booktitle={Int. Symp. Rules and Rule Markup Languages for the Semantic Web},
  pages={54--69},
  year={2015},
  organization={Springer}
}


@article{muggleton1994inductive,
  title={Inductive logic programming: Theory and methods},
  author={Muggleton, Stephen and De Raedt, Luc},
  journal={The Journal of Logic Programming},
  volume={19},
  pages={629--679},
  year={1994},
  publisher={Elsevier}
}

@inproceedings{egenhofer1993critical,
  title={A critical comparison of the 4-intersection and 9-intersection models for spatial relations: formal analysis},
  author={Egenhofer, Max J and Sharma, Jayant and Mark, David M and others},
  booktitle={AUTOCARTO-CONFERENCE-},
  pages={1--1},
  year={1993},
  organization={ASPRS AMERICAN SOCIETY FOR PHOTOGRAMMETRY AND}
}

@article{chen2001voronoi,
  title={A Voronoi-based 9-intersection model for spatial relations},
  author={Chen, Jun and Li, Chengming and Li, Zhilin and Gold, Christopher},
  journal={Int. Journal Geographical Information Science},
  volume={15},
  number={3},
  pages={201--220},
  year={2001},
  publisher={Taylor \& Francis}
}


@article{Lipton18,
  author    = {Zachary C. Lipton},
  title     = {The mythos of model interpretability},
  journal   = {Commun. {ACM}},
  volume    = {61},
  number    = {10},
  pages     = {36--43},
  year      = {2018}
}


@article{samek2016evaluating,
  title={Evaluating the visualization of what a deep neural network has learned},
  author={Samek, Wojciech and Binder, Alexander and Montavon, Gr{\'e}goire and Lapuschkin, Sebastian and M{\"u}ller, Klaus-Robert},
  journal={IEEE Transactions on Neural Networks and Learning Systems},
  volume={28},
  number={11},
  pages={2660--2673},
  year={2016},
  publisher={IEEE}
}



@techreport{mitchell1978version,
  title={Version spaces: {An} approach to concept learning},
  author={Mitchell, Tom},
  year={1978},
  institution={Stanford University, Depoartment of Computer Science}
}

@inproceedings{de2001levelwise,
  title={The levelwise version space algorithm and its application to molecular fragment finding},
  author={De Raedt, Luc and Kramer, Stefan},
  booktitle={Proc. 17th Int. Joint Conf. Artificial Intelligence},
  pages={853--862},
  year={2001},
  organization={Morgan Kaufman}
}

@incollection{lombrozo2017causal,
  title={Causal Explanation},
  author={Lombrozo, Tania and Vasilyeva, Nadya},
  booktitle={Oxford Handbook of Causal Reasoning},
  pages={415--432},
  year={2017},
  publisher={Oxford University Press},
  address={Oxford, UK}
}

@article{mozina_argument_2007,
	title = {Argument based machine learning},
	volume = {171},
	number = {10},
	journal = {Artificial Intelligence},
	author = {Možina, Martin and Žabkar, Jure and Bratko, Ivan},
	year = {2007},
	pages = {922 -- 937}
}

@incollection{raedt_computational_2008,
	title = {Computational {Aspects} of {Logical} and {Relational} {Learning}},
	booktitle = {Logical and {Relational} {Learning}},
	publisher = {Springer},
	address = {Heidelberg},
	author = {De Raedt, Luc},
	year = {2008},
	pages = {325--343}
}

@MastersThesis{Finzel2019,
  author = 	 {Bettina Finzel},
  title = 	 {Explanation-guided Constraint Generation for an Inverse Entailment Algorithm},
  school = 	 {University of Bamberg},
  year = 	 {2019}
}

